@inproceedings{li2019,
  author    = {Li, Y. and Lyu, S.},
  title     = {{Exposing DeepFake Videos By Detecting Face Warping Artifacts}},
  booktitle = {2019 IEEE/CVF Conference on Computer Vision and Pattern Recognition Workshops (CVPRW)},
  year      = {2019},
  address   = {Long Beach, CA, USA},
  pages     = {86--95}
}

@inproceedings{banerjee2024,
  author    = {Banerjee, S. and Yadav, S. K. and Dhara, A. and Ajij, M.},
  title     = {{A Survey: Deepfake and Current Technologies for Solutions}},
  booktitle = {The 2024 Sixth Doctoral Symposium on Intelligence Enabled Research (DoSIER 2024)},
  year      = {2024},
  address   = {Jalpaiguri, India}
}

@article{alrashoud2025,
  author    = {Alrashoud, Mubarak},
  title     = {{Deepfake video detection methods, approaches, and challenges}},
  journal   = {Alexandria Engineering Journal},
  year      = {2025},
  volume    = {125},
  pages     = {265--277},
  doi       = {10.1016/j.aej.2025.04.007},
  publisher = {Elsevier}
}

@inproceedings{graupner2025,
  author    = {Graupner, Hendrik and Abkenar, Mohammad Yeghaneh and Schwetlick, Lisa and Engbert, Ralf and Meinel, Christoph},
  title     = {{Behavior-Based Deepfake Detection: Leveraging Cognitive Response to Visual Face Perception}},
  booktitle = {Proceedings of the 18th International Joint Conference on Biomedical Engineering Systems and Technologies (BIOSTEC 2025)},
  year      = {2025},
  volume    = {1},
  pages     = {964--971},
  publisher = {SCITEPRESS},
  doi       = {10.5220/0013256200003911}
}

@article{ciftci2020,
  author    = {Ciftci, Umur Aybars and Demir, {\.I}lke and Yin, Lijun},
  title     = {{FakeCatcher: Detection of Synthetic Portrait Videos using Biological Signals}},
  journal   = {IEEE Transactions on Pattern Analysis and Machine Intelligence},
  year      = {2020},
  month     = {7},
  archivePrefix = {arXiv},
  eprint    = {1901.02212}
}

@article{fernandes2025,
  author    = {Fernandes, Yoggy Arif and Fatma, Yulia},
  title     = {{METODE DEEP LEARNING DALAM TEKNOLOGI DEEPFAKE: SYSTEMATIC LITERATURE REVIEW}},
  journal   = {JATI (Jurnal Mahasiswa Teknik Informatika)},
  year      = {2025},
  volume    = {9},
  number    = {2},
  month     = {4},
  pages     = {3403--3410}
}